<?xml version="1.0" encoding="UTF-8"?><collection xmlns="http://www.loc.gov/MARC21/slim"><record><leader>00335nam--2200133-i-4500</leader><controlfield tag="001">000046737</controlfield><controlfield tag="002">20161230</controlfield><controlfield tag="005">20161230201046</controlfield><controlfield tag="008">060222s1000------------r-----000-0-eng-d</controlfield><datafield ind1=" " ind2=" " tag="080"><subfield code="a">541.11</subfield></datafield><datafield ind1=" " ind2=" " tag="100"><subfield code="a">Wagner, Carl</subfield></datafield><datafield ind1=" " ind2=" " tag="245"><subfield code="a">Thermodynamics of alloys</subfield></datafield><datafield ind1=" " ind2=" " tag="260"><subfield code="a">Cambridge, Addison-wesley Press, Inc., 1952, Viii+161p</subfield></datafield><datafield ind1=" " ind2=" " tag="852"><subfield code="a">10261</subfield></datafield></record></collection>